@article{Suleiman:2021hre,
	author = "Suleiman, Lami and Fortin, Morgane and Zdunik, Julian Leszek and Haensel, Pawel",
	title = "{Influence of the crust on the neutron star macrophysical quantities and universal relations}",
	eprint = "2106.12845",
	archivePrefix = "arXiv",
	primaryClass = "astro-ph.HE",
	doi = "10.1103/PhysRevC.104.015801",
	journal = "Phys. Rev. C",
	volume = "104",
	number = "1",
	pages = "015801",
	year = "2021"
}

@article{1975ApJ...199..471H,
	adsnote = {Provided by the SAO/NASA Astrophysics Data System},
	adsurl = {https://ui.adsabs.harvard.edu/abs/1975ApJ...199..471H},
	author = {{Hartle}, J.~B. and {Sawyer}, R.~F. and {Scalapino}, D.~J.},
	doi = {10.1086/153713},
	journal = {\apj},
	keywords = {Astronomical Models, Equations Of State, Neutron Stars, Pions, Stellar Structure, Condensed Matter Physics, Cosmic Dust, Density (Mass/Volume), Ground State, Nuclear Reactions, Nucleon-Nucleon Interactions, Stellar Rotation, Astrophysics},
	month = jul,
	pages = {471-481},
	title = {{Pion condensed matter at high densities: equation of state and stellar models.}},
	volume = {199},
	year = 1975,
	bdsk-url-1 = {https://doi.org/10.1086/153713}
}

@article{1985CQGra...2..219I,
	adsnote = {Provided by the SAO/NASA Astrophysics Data System},
	adsurl = {https://ui.adsabs.harvard.edu/abs/1985CQGra...2..219I},
	author = {{Iyer}, B.~R. and {Vishveshwara}, C.~V. and {Dhurandhar}, S.~V.},
	doi = {10.1088/0264-9381/2/2/013},
	journal = {Classical and Quantum Gravity},
	keywords = {Density (Mass/Volume), Neutron Stars, Relativity, Stellar Mass, Equations Of State, Gravitational Effects, Red Shift, Stellar Gravitation, Stellar Models, Astrophysics},
	month = mar,
	number = {2},
	pages = {219-228},
	title = {{Ultracompact (R<3 M) objects in general relativity}},
	volume = {2},
	year = 1985,
	bdsk-url-1 = {https://doi.org/10.1088/0264-9381/2/2/013}
}

@article{1990ApJ...362..251B,
	adsnote = {Provided by the SAO/NASA Astrophysics Data System},
	adsurl = {https://ui.adsabs.harvard.edu/abs/1990ApJ...362..251B},
	author = {{Bahcall}, Safi and {Lynn}, Bryan W. and {Selipsky}, Stephen B.},
	doi = {10.1086/169261},
	journal = {\apj},
	keywords = {Baryons, Black Holes (Astronomy), Field Theory (Physics), Neutron Stars, Stellar Interiors, Stellar Models, Equations Of State, Gravitational Effects, Stellar Mass, Astrophysics, DENSE MATTER, STARS: INTERIORS, STARS: NEUTRON},
	month = oct,
	pages = {251},
	title = {{New Models for Neutron Stars}},
	volume = {362},
	year = 1990,
	bdsk-url-1 = {https://doi.org/10.1086/169261}
}

@article{1993ApJ...406..590N,
	adsnote = {Provided by the SAO/NASA Astrophysics Data System},
	adsurl = {https://ui.adsabs.harvard.edu/abs/1993ApJ...406..590N},
	author = {{Nemiroff}, Robert J. and {Becker}, Peter A. and {Wood}, Kent S.},
	doi = {10.1086/172471},
	journal = {\apj},
	keywords = {Elementary Particles, Gravitational Lenses, Neutron Stars, Stellar Physics, Equations Of State, Neutrinos, Protons, Stellar Envelopes, Stellar Luminosity, Stellar Temperature, Astrophysics, DENSE MATTER, ELEMENTARY PARTICLES, EQUATION OF STATE, STARS: NEUTRON},
	month = apr,
	pages = {590},
	title = {{Properties of Ultracompact Neutron Stars}},
	volume = {406},
	year = 1993,
	bdsk-url-1 = {https://doi.org/10.1086/172471}
}

@article{2012ARNPS..62..485L,
	adsnote = {Provided by the SAO/NASA Astrophysics Data System},
	adsurl = {https://ui.adsabs.harvard.edu/abs/2012ARNPS..62..485L},
	archiveprefix = {arXiv},
	author = {{Lattimer}, James M.},
	doi = {10.1146/annurev-nucl-102711-095018},
	eprint = {1305.3510},
	journal = {Annual Review of Nuclear and Particle Science},
	keywords = {Nuclear Theory, Astrophysics - High Energy Astrophysical Phenomena},
	month = nov,
	number = {1},
	pages = {485-515},
	primaryclass = {nucl-th},
	title = {{The Nuclear Equation of State and Neutron Star Masses}},
	volume = {62},
	year = 2012,
	bdsk-url-1 = {https://doi.org/10.1146/annurev-nucl-102711-095018}
}

@article{PhysRevC.103.045808,
	title = {Limiting masses and radii of neutron stars and their implications},
	author = {Drischler, Christian and Han, Sophia and Lattimer, James M. and Prakash, Madappa and Reddy, Sanjay and Zhao, Tianqi},
	journal = {Phys. Rev. C},
	volume = {103},
	issue = {4},
	pages = {045808},
	numpages = {23},
	year = {2021},
	month = {Apr},
	publisher = {American Physical Society},
	doi = {10.1103/PhysRevC.103.045808},
	url = {https://link.aps.org/doi/10.1103/PhysRevC.103.045808}
}

@book{1983bhwd.book.....S,
	adsnote = {Provided by the SAO/NASA Astrophysics Data System},
	adsurl = {https://ui.adsabs.harvard.edu/abs/1983bhwd.book.....S},
	author = {{Shapiro}, Stuart L. and {Teukolsky}, Saul A.},
	title = {{Black holes, white dwarfs, and neutron stars : the physics of compact objects}},
	year = 1983
}

@article{2016ARA&A..54..401O,
	adsnote = {Provided by the SAO/NASA Astrophysics Data System},
	adsurl = {https://ui.adsabs.harvard.edu/abs/2016ARA&A..54..401O},
	archiveprefix = {arXiv},
	author = {{\"Ozel}, Feryal and {Freire}, Paulo},
	doi = {10.1146/annurev-astro-081915-023322},
	eprint = {1603.02698},
	journal = {\araa},
	keywords = {Astrophysics - High Energy Astrophysical Phenomena, General Relativity and Quantum Cosmology, Nuclear Theory},
	month = sep,
	pages = {401-440},
	primaryclass = {astro-ph.HE},
	title = {{Masses, Radii, and the Equation of State of Neutron Stars}},
	volume = {54},
	year = 2016,
	bdsk-url-1 = {https://doi.org/10.1146/annurev-astro-081915-023322}
}

@article{1983ApJ...271..283G,
	adsnote = {Provided by the SAO/NASA Astrophysics Data System},
	adsurl = {https://ui.adsabs.harvard.edu/abs/1983ApJ...271..283G},
	author = {{Greenstein}, G. and {Hartke}, G.~J.},
	doi = {10.1086/161195},
	journal = {\apj},
	keywords = {Black Body Radiation, Neutron Stars, Pulsars, Temperature Distribution, X Ray Sources, Light Curve, Magnetic Poles, Stellar Magnetic Fields, Stellar Rotation, Stellar Temperature, Astrophysics},
	month = aug,
	pages = {283-293},
	title = {{Pulselike character of blackbody radiation from neutron stars.}},
	volume = {271},
	year = 1983,
	bdsk-url-1 = {https://doi.org/10.1086/161195}
}

@article{1995ApJ...442..273P,
	adsnote = {Provided by the SAO/NASA Astrophysics Data System},
	adsurl = {https://ui.adsabs.harvard.edu/abs/1995ApJ...442..273P},
	archiveprefix = {arXiv},
	author = {{Page}, Dany},
	doi = {10.1086/175439},
	eprint = {astro-ph/9407015},
	journal = {\apj},
	keywords = {Black Body Radiation, Gravitational Lenses, Magnetic Stars, Neutron Stars, Relativistic Effects, Rosat Mission, Stellar Magnetic Fields, Stellar Temperature, X Rays, Gravitational Effects, Light Curve, Red Shift, Space-Time Functions, Stellar Models, Temperature Distribution, X Ray Spectra, Astrophysics, DENSE MATTER, STARS: MAGNETIC FIELDS, STARS: NEUTRON, STARS: PULSARS: GENERAL, STARS: X-RAYS, Astrophysics},
	month = mar,
	pages = {273},
	primaryclass = {astro-ph},
	title = {{Surface Temperature of a Magnetized Neutron Star and Interpretation of the ROSAT Data. I. Dipolar Fields}},
	volume = {442},
	year = 1995,
	bdsk-url-1 = {https://doi.org/10.1086/175439}
}

